<record xmlns="http://www.loc.gov/MARC21/slim">
   <leader>02062cam a2200397 i 4500</leader>
   <controlfield tag="001">6698207</controlfield>
   <controlfield tag="003">OCoLC</controlfield>
   <controlfield tag="005">20141117095812.0</controlfield>
   <controlfield tag="008">130705s2015    ctua     b    001 0 eng  </controlfield>
   <datafield ind1=" " ind2=" " tag="010">
      <subfield code="a">  2013944602</subfield>
   </datafield>
   <datafield ind1=" " ind2=" " tag="020">
      <subfield code="a">9781285075938 (pbk.)</subfield>
   </datafield>
   <datafield ind1=" " ind2=" " tag="020">
      <subfield code="a">1285075935 (pbk.)</subfield>
   </datafield>
   <datafield ind1=" " ind2=" " tag="035">
      <subfield code="a">ocn892431529</subfield>
   </datafield>
   <datafield ind1=" " ind2=" " tag="039">
      <subfield code="a">exclude</subfield>
   </datafield>
   <datafield ind1=" " ind2=" " tag="040">
      <subfield code="a">DLC</subfield>
      <subfield code="b">eng</subfield>
      <subfield code="e">rda</subfield>
      <subfield code="c">DLC</subfield>
      <subfield code="d">YDXCP</subfield>
      <subfield code="d">AEU</subfield>
   </datafield>
   <datafield ind1=" " ind2=" " tag="042">
      <subfield code="a">pcc</subfield>
   </datafield>
   <datafield ind1="0" ind2="0" tag="050">
      <subfield code="a">HQ1075</subfield>
      <subfield code="b">.W69 2015</subfield>
   </datafield>
   <datafield ind1="0" ind2="0" tag="082">
      <subfield code="a">305.3</subfield>
      <subfield code="2">23</subfield>
   </datafield>
   <datafield ind1=" " ind2=" " tag="090">
      <subfield code="a">HQ1075 .W69 2015</subfield>
      <subfield code="b">AEGMCT</subfield>
   </datafield>
   <datafield ind1="1" ind2=" " tag="100">
      <subfield code="a">Wood, Julia T.,</subfield>
      <subfield code="e">author.</subfield>
   </datafield>
   <datafield ind1="1" ind2="0" tag="245">
      <subfield code="a">Gendered lives :</subfield>
      <subfield code="b">communication, gender, &amp; culture /</subfield>
      <subfield code="c">Julia T. Wood (Lineberger Distinguished Professor of Humanities Emerita, The University of North Carolina at Chapel Hill).</subfield>
   </datafield>
   <datafield ind1="3" ind2=" " tag="246">
      <subfield code="a">Gendered lives :</subfield>
      <subfield code="b">communication, gender, and culture.</subfield>
   </datafield>
   <datafield ind1=" " ind2=" " tag="250">
      <subfield code="a">Eleventh edition.</subfield>
   </datafield>
   <datafield ind1=" " ind2="1" tag="264">
      <subfield code="a">Stamford, CT :</subfield>
      <subfield code="b">Cengage Learning,</subfield>
      <subfield code="c">[2015]</subfield>
   </datafield>
   <datafield ind1=" " ind2=" " tag="300">
      <subfield code="a">xxv, 341 pages :</subfield>
      <subfield code="b">illustrations ;</subfield>
      <subfield code="c">23 cm</subfield>
   </datafield>
   <datafield ind1=" " ind2=" " tag="336">
      <subfield code="a">text</subfield>
      <subfield code="2">rdacontent</subfield>
   </datafield>
   <datafield ind1=" " ind2=" " tag="337">
      <subfield code="a">unmediated</subfield>
      <subfield code="2">rdamedia</subfield>
   </datafield>
   <datafield ind1=" " ind2=" " tag="338">
      <subfield code="a">volume</subfield>
      <subfield code="2">rdacarrier</subfield>
   </datafield>
   <datafield ind1=" " ind2=" " tag="504">
      <subfield code="a">Includes bibliographical references (pages 291-320) and index.</subfield>
   </datafield>
   <datafield ind1="2" ind2=" " tag="505">
      <subfield code="a">Part 1. Conceptual foundations. The study of communication, gender, and culture -- Theoretical approaches to gender development -- The rhetorical shaping of gender: competing images of women -- The rhetorical shaping of gender: competing images of men -- Gendered verbal communication -- Gendered nonverbal communication -- Part 2. Gendered communication in practice. Becoming gendered: the early years -- Gendered education: communication in schools -- Gendered close relationships -- Gendered organizational communication -- Gendered media -- Gendered power and violence -- Looking backward, looking forward.</subfield>
   </datafield>
   <datafield ind1=" " ind2=" " tag="596">
      <subfield code="a">29</subfield>
   </datafield>
   <datafield ind1=" " ind2="0" tag="650">
      <subfield code="a">Sex role.</subfield>
   </datafield>
   <datafield ind1=" " ind2="0" tag="650">
      <subfield code="a">Communication</subfield>
      <subfield code="x">Sex differences.</subfield>
   </datafield>
   <datafield ind1=" " ind2="0" tag="650">
      <subfield code="a">Gender identity.</subfield>
   </datafield>
   <datafield ind1=" " ind2=" " tag="949">
      <subfield code="a">HQ1075 .W69 2015</subfield>
      <subfield code="h">GMCT-OS-B</subfield>
      <subfield code="i">1007428657</subfield>
      <subfield code="p">197.81</subfield>
      <subfield code="k">AVAIL_SOON</subfield>
   </datafield>
   <datafield ind1=" " ind2=" " tag="926">
      <subfield code="a">HQ1075 .W69 2015</subfield>
      <subfield code="w">LC</subfield>
      <subfield code="c">1</subfield>
      <subfield code="i">1007428657</subfield>
      <subfield code="d">3/3/2017</subfield>
      <subfield code="e">2/28/2017</subfield>
      <subfield code="l">ON_SHELF</subfield>
      <subfield code="m">GR_MACEWAN</subfield>
      <subfield code="n">8</subfield>
      <subfield code="p">$197.81</subfield>
      <subfield code="r">Y</subfield>
      <subfield code="s">Y</subfield>
      <subfield code="t">BOOK</subfield>
      <subfield code="u">1/8/2015</subfield>
   </datafield>
</record>
